@article{KFCODLW07,
  author  = {Johannes Kopf and Chi-Wing Fu and Daniel Cohen-Or and 
	      Oliver Deussen and Dani Lischinski and Tien-Tsin Wong},
  title   = {Solid Texture Synthesis from 2D Exemplars},
  journal = {ACM Transactions on Graphics (Proceedings of SIGGRAPH 2007)},
  year    = {2007},
  volume  = {26},
  number  = {3},
  pages   = {2:1--2:9},
}

@article{Jean-FrancoisToussaint09011996,
author = {Toussaint, Jean-Francois and LaMuraglia, Glenn M. and Southern, James F. and Fuster, Valentin and Kantor, Howard L.},
title = {Magnetic Resonance Images Lipid, Fibrous, Calcified, Hemorrhagic, and Thrombotic Components of Human Atherosclerosis In Vivo},
journal = {Circulation},
volume = {94},
number = {5},
pages = {932-938},
doi = {10.1161/01.CIR.94.5.932},
year = {1996},
abstract = {Background Although MRI can discriminate the lipid core from the collagenous cap of atherosclerotic lesions in vitro with T2 contrast, it has not yet produced detailed in vivo images of these human plaque components.  Methods and Results We imaged seven lesions from six patients who required surgical carotid endarterectomy and calculated T2 in vivo before surgery in various plaque regions. Using the same acquisition parameters, we repeated these measurements in vitro on the resected fragment and compared MR images with histology. T2 values calculated in vivo correlate with in vitro measurements for each plaque component; the in vitro discrimination we demonstrated previously with T2 contrast can therefore be performed similarly in vivo.  Conclusions MRI is the first noninvasive imaging technique that allows the discrimination of lipid cores, fibrous caps, calcifications, normal media, and adventitia in human atheromatous plaques in vivo. This technique also characterizes intraplaque hemorrhage and acute thrombosis. This result may support further investigations that include MRI of plaque progression, stabilization, and rupture in human atherosclerosis.
},
URL = {http://circ.ahajournals.org/cgi/content/abstract/94/5/932}
}

@article{kwatra:2005:SIGGRAPH,
    author = {Vivek Kwatra and Irfan Essa and Aaron Bobick and Nipun Kwatra},
    title = {Texture Optimization for Example-based Synthesis},
    journal = {ACM Transactions on Graphics, SIGGRAPH 2005},
    year = {2005},
    month = {August}
}
@inproceedings{Heeger:1995:PTA:218380.218446,
 author = {Heeger, David J. and Bergen, James R.},
 title = {Pyramid-based texture analysis/synthesis},
 booktitle = {Proceedings of the 22nd annual conference on Computer graphics and interactive techniques},
 series = {SIGGRAPH '95},
 year = {1995},
 isbn = {0-89791-701-4},
 pages = {229--238},
 numpages = {10},
 url = {http://doi.acm.org/10.1145/218380.218446},
 doi = {http://doi.acm.org/10.1145/218380.218446},
 acmid = {218446},
 publisher = {ACM},
 address = {New York, NY, USA},
}

@inproceedings {HADD-07,
title = {A new fully-digital anthropomorphic and dynamic thorax/heart model},
booktitle = {Proceedings of the 29th Annual International Conference of the IEEE EMBS},
year = {2007},
month = {aug},
pages = {5999-6002},
address = {Lyon, France},
keywords = {categ_st2i, imagerie_dynamique, nouvelle_equipe_1},
author = {Haddad, R. and Magnin, I.E. and Clarysse, P.}
} 

@article{Haddad2005270,
title = {An anthropomorphic numerical model of the beating heart},
journal = {ITBM-RBM},
volume = {26},
number = {4},
pages = {270 - 272},
year = {2005},
note = {},
issn = {1297-9562},
doi = {DOI: 10.1016/j.rbmret.2005.06.012},
url = {http://www.sciencedirect.com/science/article/pii/S1297956205000884},
author = {R. Haddad and P. Clarysse and M. Orkisz and D. Revel and I. Magnin}
}

@article{Lefebvre:2006:ATS:1141911.1141921,
 author = {Lefebvre, Sylvain and Hoppe, Hugues},
 title = {Appearance-space texture synthesis},
 journal = {ACM Trans. Graph.},
 volume = {25},
 issue = {3},
 month = {July},
 year = {2006},
 issn = {0730-0301},
 pages = {541--548},
 numpages = {8},
 url = {http://doi.acm.org/10.1145/1141911.1141921},
 doi = {http://doi.acm.org/10.1145/1141911.1141921},
 acmid = {1141921},
 publisher = {ACM},
 address = {New York, NY, USA},
 keywords = {RTT synthesis, anisometric synthesis, dimensionality reduction, exemplar-based synthesis, feature-based synthesis, surface textures},
} 

@INPROCEEDINGS{Wexler2004,
author={Wexler, Y. and Shechtman, E. and Irani, M.},
booktitle={Computer Vision and Pattern Recognition, 2004. CVPR 2004. Proceedings of the 2004 IEEE Computer Society Conference on}, title={Space-time video completion},
year={2004},
month={june-2 july},
volume={1},
number={},
pages={ I-120 - I-127 Vol.1},
keywords={ complex dynamic scenes; corrupted video frame correction; global optimization problem; missing video frame correction; old movies; space time video completion task; spatio-temporal patches sampling; static scene; video sequences; video synthesis task; image sampling; image sequences; optimisation; spatiotemporal phenomena; video signal processing;},
doi={10.1109/CVPR.2004.1315022},
ISSN={1063-6919 },}

@article{Pizer:2003:DMM:945881.945883,
 author = {Pizer, Stephen M. and Fletcher, P. Thomas and Joshi, Sarang and Thall, Andrew and Chen, James Z. and Fridman, Yonatan and Fritsch, Daniel S. and Gash, A. Graham and Glotzer, John M. and Jiroutek, Michael R. and Lu, Conglin and Muller, Keith E. and Tracton, Gregg and Yushkevich, Paul and Chaney, Edward L.},
 title = {Deformable M-Reps for 3D Medical Image Segmentation},
 journal = {Int. J. Comput. Vision},
 volume = {55},
 issue = {2-3},
 month = {November},
 year = {2003},
 issn = {0920-5691},
 pages = {85--106},
 numpages = {22},
 url = {http://portal.acm.org/citation.cfm?id=945881.945883},
 doi = {10.1023/A:1026313132218},
 acmid = {945883},
 publisher = {Kluwer Academic Publishers},
 address = {Hingham, MA, USA},
 keywords = {deformable model, medial, medical image, object, segmentation, shape},
} 
@ARTICLE{revol2002,
  author = {Revol-Muller, C. and Benoit-Cattin, H. and Carillon, Y. and Odet,
	C. and Briguet, A. and Peyrin, F.},
  title = {Bone MRI segmentation assessment based on synchrotron radiation computed
	microtomography},
  journal = {IEEE Trans Nucl Sci},
  year = {2002},
  volume = {49},
  pages = {220{\textendash}224},
  number = {1},
  keywords = {categ_st2i, imagerie_volumique, nouvelle_equipe_2, nouvelle_equipe_7,
	reseau_national, structure_os}
}

@ARTICLE{Odgaard93,
 author = {Odgaard, A. and Gundersen, H.J.G.}, 
 title = {Quantification of connectivity in cancellous bone, with special emphasis on 3D reconstructions},
 journal ={Bone},
 volume ={14},
 pages = {173-182},
 year={1993}
}

@INPROCEEDINGS{Beuf99,
  author = {Beuf, Olivier and Seurin, Marie-Josée and Carrillon, Yannick and Briguet, André},
  title = {High resolution NMR imaging of the trabecular bone structure at 2T},
  booktitle = {ESMRMB 99,16th annual meeting},
  year = {1999},
  pages = {201},
  address = {Seville, Spain},
  owner = {cmuller},
  timestamp = {2011.10.10}
}
@article{dryden1993multivariate,
  title={Multivariate shape analysis},
  author={Dryden, IL and Mardia, KV},
  journal={Sankhy{\=a}: The Indian Journal of Statistics, Series A},
  pages={460--480},
  year={1993},
  publisher={JSTOR}
}
@ARTICLE{Hipp97,
 author = {Hipp, J.A. and Simmons, C.A.},
 title = {Method-based differences in the automated analysis of the three-dimensional morphology of trabecular bone},
 journal = {Journal of Bone and Mineral Research},
 volume = {12}, 
 issue = {6}, 
 page = {942-947}, 
 year= {1997}
 }
 
 @ARTICLE{ROLLAND2000,
   author = {Rolland, J.~P. and Vo, V. and Bloss, B. and Abbey, C.~K.	},
    title = {Fast algorithms for histogram matching: application to texture synthesis},
  journal = {Journal of Electronic Imaging},
     year = 2000,
    month = jan,
   volume = 9,
    pages = {39-45},
      doi = {10.1117/1.482725},
   adsurl = {http://adsabs.harvard.edu/abs/2000JEI.....9...39R},
  adsnote = {Provided by the SAO/NASA Astrophysics Data System}
}

@article{BenoitCattin200597,
  title = {The SIMRI project: a versatile and interactive MRI simulator},
journal = {Journal of Magnetic Resonance},
volume = {173},
number = {1},
pages = {97 - 115},
year = {2005},
note = {},
issn = {1090-7807},
doi = {10.1016/j.jmr.2004.09.027},
url = {http://www.sciencedirect.com/science/article/pii/S1090780704003908},
author = {H. Benoit-Cattin and G. Collewet and B. Belaroussi and H. Saint-Jalmes and C. Odet},
keywords = {MRI simulation},
keywords = {Bloch equation},
keywords = {Artefacts},
keywords = {Field inhomogeneity},
keywords = {Software}
}


@inproceedings{aspert_mesh:_2002,
	title = {Mesh: Measuring errors between surfaces using the hausdorff distance},
	volume = {1},
	booktitle = {Multimedia and Expo, 2002. {ICME'02.} Proceedings. 2002 {IEEE} International Conference on},
	author = {Aspert, Nicolas and Santa-Cruz, Diego and Ebrahimi, Touradj},
	year = {2002},
	pages = {705-708}
},

@inproceedings{han_interpolation_2006,
	address = {Washington, {DC}, {USA}},
	series = {{CVPRW} '06},
	title = {Interpolation in Discrete Single Figure Medial Objects},
	isbn = {0-7695-2646-2},
	url = {http://dx.doi.org/10.1109/CVPRW.2006.105},
	doi = {10.1109/CVPRW.2006.105},
	booktitle = {Proceedings of the 2006 Conference on Computer Vision and Pattern Recognition Workshop},
	publisher = {{IEEE} Computer Society},
	author = {Han, Qiong and Pizer, Stephen M. and Damon, James N.},
	year = {2006},
	pages = {85-}
},

@techreport{pizer_m-reps:_2000,
	title = {M-Reps: A New Object Representation for Graphics},
	institution = {{ACM} Transactions on Graphics},
	author = {Pizer, Stephen M. and Thall, Andrew L. and Chen, David T.},
	year = {2000}
},

@incollection{angeles_generalized_2010,
	series = {Advances in Intelligent and Soft Computing},
	title = {Generalized {PCA} via the Backward Stepwise Approach in Image Analysis},
	volume = {83},
	isbn = {978-3-642-16258-9},
	url = {http://dx.doi.org/10.1007/978-3-642-16259-6_9},
	booktitle = {Brain, Body and Machine},
	publisher = {Springer Berlin Heidelberg},
	author = {Jung, Sungkyu and Liu, Xiaoxiao and Marron, {J.S.} and Pizer, {StephenM.}},
	editor = {Angeles, Jorge and Boulet, Benoit and Clark, {JamesJ.} and Kövecses, József and Siddiqi, Kaleem},
	year = {2010},
	pages = {111--123}
},

@article{jung_analysis_2012,
	title = {Analysis of principal nested spheres},
	url = {http://biomet.oxfordjournals.org/content/early/2012/07/24/biomet.ass022.abstract},
	doi = {10.1093/biomet/ass022},
	abstract = {A general framework for a novel non-geodesic decomposition of high-dimensional spheres or high-dimensional shape spaces for planar landmarks is discussed. The decomposition, principal nested spheres, leads to a sequence of submanifolds with decreasing intrinsic dimensions, which can be interpreted as an analogue of principal component analysis. In a number of real datasets, an apparent one-dimensional mode of variation curving through more than one geodesic component is captured in the one-dimensional component of principal nested spheres. While analysis of principal nested spheres provides an intuitive and flexible decomposition of the high-dimensional sphere, an interesting special case of the analysis results in finding principal geodesics, similar to those from previous approaches to manifold principal component analysis. An adaptation of our method to Kendall’s shape space is discussed, and a computational algorithm for fitting principal nested spheres is proposed. The result provides a coordinate system to visualize the data structure and an intuitive summary of principal modes of variation, as exemplified by several datasets.},
	journal = {Biometrika},
	author = {Jung, Sungkyu and Dryden, Ian L. and Marron, J. S.},
	year = {2012}
},

@inproceedings{pizer_nested_2012,
	title = {Nested sphere statistics of skeletal models},
	booktitle = {To appear in Proc. Dagstuhl Workshop on Innovations for Shape Analysis},
	author = {Pizer, {S.M.} and Jung, S. and Goswami, D. and Zhao, X. and Chaudhuri, R. and Damon, {J.N.} and Huckemann, S. and Marron, {JS}},
	year = {2012}
},

@incollection{arsigny_log-euclidean_2006,
	title = {A log-euclidean framework for statistics on diffeomorphisms},
	booktitle = {Medical Image Computing and Computer-Assisted {Intervention-MICCAI} 2006},
	publisher = {Springer},
	author = {Arsigny, Vincent and Commowick, Olivier and Pennec, Xavier and Ayache, Nicholas},
	year = {2006},
	pages = {924-931}
},

@incollection{cootes_training_1992,
	title = {Training models of shape from sets of examples},
	booktitle = {{BMVC92}},
	publisher = {Springer},
	author = {Cootes, Timothy F and Taylor, Christopher J and Cooper, David H and Graham, Jim},
	year = {1992},
	pages = {9-18}
},

@inproceedings{kurtek_parameterization-invariant_2011,
	title = {Parameterization-invariant shape statistics and probabilistic classification of anatomical surfaces},
	booktitle = {Information Processing in Medical Imaging},
	author = {Kurtek, Sebastian and Klassen, Eric and Ding, Zhaohua and Avison, Malcolm J and Srivastava, Anuj},
	year = {2011},
	pages = {147-158}
},

@article{fischl_cortical_1999,
	title = {Cortical Surface-Based Analysis: {II:} Inflation, Flattening, and a Surface-Based Coordinate System},
	volume = {9},
	issn = {1053-8119},
	url = {http://www.sciencedirect.com/science/article/pii/S1053811998903962},
	doi = {10.1006/nimg.1998.0396},
	number = {2},
	journal = {{NeuroImage}},
	author = {Fischl, Bruce and Sereno, Martin I. and Dale, Anders M.},
	year = {1999},
	keywords = {atlas., coordinate systems, Cortical surface reconstruction, flattening},
	pages = {195 -- 207}
},

@article{dale_cortical_1999,
	title = {Cortical Surface-Based Analysis: I. Segmentation and Surface Reconstruction},
	volume = {9},
	issn = {1053-8119},
	url = {http://www.sciencedirect.com/science/article/pii/S1053811998903950},
	doi = {10.1006/nimg.1998.0395},
	number = {2},
	journal = {{NeuroImage}},
	author = {Dale, Anders M. and Fischl, Bruce and Sereno, Martin I.},
	year = {1999},
	keywords = {cortical, reconstruction., surface},
	pages = {179 -- 194}
},

@article{pons_area_2004,
	title = {Area preserving cortex unfolding},
	journal = {Medical Image Computing and Computer-Assisted {Intervention-MICCAI} 2004},
	author = {Pons, Jean-Philippe and Keriven, Renaud and Faugeras, Olivier},
	year = {2004},
	pages = {376-383}
},

@article{hermosillo_unfolding_1999,
	title = {Unfolding the cerebral cortex using level set methods},
	journal = {Scale-Space Theories in Computer Vision},
	author = {Hermosillo, Gerardo and Faugeras, Olivier and Gomes, José},
	year = {1999},
	pages = {58-69}
},

@article{drury_computerized_1996,
	title = {Computerized mappings of the cerebral cortex: a multiresolution flattening method and a surface-based coordinate system},
	volume = {8},
	number = {1},
	journal = {Journal of cognitive neuroscience},
	author = {Drury, Heather A and Van Essen, David C and Anderson, Charles H and Lee, Chris W and Coogan, Thomas A and Lewis, James W},
	year = {1996},
	pages = {1-28}
},

@incollection{pennec_statistical_2009,
	title = {Statistical computing on manifolds: from riemannian geometry to computational anatomy},
	booktitle = {Emerging Trends in Visual Computing},
	publisher = {Springer},
	author = {Pennec, Xavier},
	year = {2009},
	pages = {347-386}
},

@misc{nowell_philip_math,
	title = {Math Proofs: Mapping a Square to a Circle},
	url = {http://mathproofs.blogspot.fr/2005/07/mapping-square-to-circle.html},
	urldate = {2013-02-19},
	author = {Nowell, Philip},
	howpublished = {http://mathproofs.blogspot.fr/2005/07/mapping-square-to-circle.html}
},

@book{snyder_map_1987,
	title = {Map {projections-A} working manual},
	number = {1395},
	publisher = {{USGPO}},
	author = {Snyder, John Parr},
	year = {1987}
},

@article{fischl_automatically_2004,
	title = {Automatically Parcellating the Human Cerebral Cortex},
	volume = {14},
	doi = {10.1093/cercor/bhg087},
	number = {1},
	journal = {Cerebral Cortex},
	author = {Fischl, Bruce and Destrieux, Christophe and Halgren, Eric and Ségonne, Florent and Salat, David H. and Busa, Evelina and Seidman, Larry J. and Goldstein, Jill and Kennedy, David and Caviness, Verne and Makris, Nikos and Rosen, Bruce and Dale, Anders M.},
	year = {2004},
	pages = {11-22}
},

@book{kendall_shape_2009,
	title = {Shape and shape theory},
	volume = {500},
	publisher = {Wiley},
	author = {Kendall, David George and Barden, Dennis and Carne, {TK} and Le, H},
	year = {2009}
},

@article{clark_automatic_1998,
	title = {Automatic tumor segmentation using knowledge-based techniques},
	volume = {17},
	number = {2},
	journal = {Medical Imaging, {IEEE} Transactions on},
	author = {Clark, Matthew C. and Hall, Lawrence O. and Goldgof, Dmitry B. and Velthuizen, Robert and Murtagh, F. Reed and Silbiger, Martin S.},
	year = {1998},
	pages = {187-201}
}
@phdthesis{merck2009model,
  title={Model guided rendering for medical images},
  author={Merck, Derek},
  year={2009},
  school={University of North Carolina}
}

@article{pizer2003object,
  title={Object models in multiscale intrinsic coordinates via m-reps},
  author={Pizer, Stephen M and Fletcher, P Thomas and Thall, Andrew and Styner, Martin and Gerig, Guido and Joshi, Sarang},
  journal={Image and vision computing},
  volume={21},
  number={1},
  pages={5--15},
  year={2003},
  publisher={Elsevier}
}
@article{doi:10.1080/13803390802635174,
author = {Kaplan, Richard   F. and Cohen, Ronald   A. and Moscufo, Nicola and Guttmann, Charles and Chasman, Jesse and Buttaro, Melissa and Hall, Charles   H. and Wolfson, Leslie},
title = {Demographic and biological influences on cognitive reserve},
journal = {Journal of Clinical and Experimental Neuropsychology},
volume = {31},
number = {7},
pages = {868-876},
year = {2009},
doi = {10.1080/13803390802635174},
note ={PMID: 19333862},

URL = {http://www.tandfonline.com/doi/abs/10.1080/13803390802635174},
eprint = {http://www.tandfonline.com/doi/pdf/10.1080/13803390802635174}
}


@article{lorente1934studies,
  title={Studies on the structure of the cerebral cortex. II. Continuation of the study of the ammonic system.},
  author={Lorente de N{\'o}, Rafael},
  journal={Journal f{\"u}r Psychologie und Neurologie},
  year={1934}
}
@book{mountcastle1998perceptual,
  title={Perceptual neuroscience: The cerebral cortex},
  author={Mountcastle, Vernon B},
  year={1998},
  publisher={Harvard University Press}
}
@article{defelipe2012neocortical,
  title={The neocortical column},
  author={Defelipe, Javier and Markram, Henry and Rockland, Kathleen S},
  journal={Frontiers in Neuroanatomy},
  volume={6},
  year={2012},
  publisher={Frontiers Media SA}
}

@article{kendall1989survey,
  title={A survey of the statistical theory of shape},
  author={Kendall, David G},
  journal={Statistical Science},
  volume={4},
  number={2},
  pages={87--99},
  year={1989},
  publisher={Institute of Mathematical Statistics}
}
@misc{bookstein1991morphometric,
  title={Morphometric tools for landmark data. Cambridge, New York, Port Chester},
  author={Bookstein, FL},
  year={1991},
  publisher={Melbourne, Sydney, Cambridge University Press}
}
@article{james1993revolution,
  title={A revolution morphometrics},
  author={James Rohlf, F and Marcus, Leslie F},
  journal={Trends in Ecology \& Evolution},
  volume={8},
  number={4},
  pages={129--132},
  year={1993},
  publisher={Elsevier}
}
@article{small1996statistical,
  title={The statistical theory of shape},
  author={Small, Christopher},
  year={1996},
  publisher={Springer}
}
@article{joshi2000landmark,
  title={Landmark matching via large deformation diffeomorphisms},
  author={Joshi, Sarang C and Miller, Michael I},
  journal={Image Processing, IEEE Transactions on},
  volume={9},
  number={8},
  pages={1357--1370},
  year={2000},
  publisher={IEEE}
}

@misc{schatz1993expandable,
  title={Expandable intraluminal graft},
  author={Schatz, Richard A},
  year={1993},
  month=mar # "~23",
  publisher={Google Patents},
  note={US Patent 5,195,984}
}

@misc{pinchasik1995articulated,
  title={Articulated stent},
  author={Pinchasik, Gregory and Richter, Jacob},
  year={1995},
  month=sep # "~12",
  publisher={Google Patents},
  note={US Patent 5,449,373}
}

@book{fisker2000making,
  title={Making deformable template models operational},
  author={Fisker, Rune},
  year={2000},
  publisher={Institute of Mathematical Modelling, Technical University of Denmark}
}
@article{kass1988snakes,
  title={Snakes: Active contour models},
  author={Kass, Michael and Witkin, Andrew and Terzopoulos, Demetri},
  journal={International journal of computer vision},
  volume={1},
  number={4},
  pages={321--331},
  year={1988},
  publisher={Springer}
}
@article{hill2000framework,
  title={A framework for automatic landmark identification using a new method of nonrigid correspondence},
  author={Hill, Andrew and Taylor, Christopher J. and Brett, Alan D},
  journal={Pattern Analysis and Machine Intelligence, IEEE Transactions on},
  volume={22},
  number={3},
  pages={241--251},
  year={2000},
  publisher={IEEE}
}
@misc{mohlenkamp2010user,
  title={A user’s guide to spherical harmonics},
  author={Mohlenkamp, Martin J},
  year={2010},
  publisher={Technical report, Department of Mathematics, Ohio University, 2003. http://www. math. ohiou. edu/mjm/research/uguide. pdf}
}

@article{chan2001active,
  title={Active contours without edges},
  author={Chan, Tony F and Vese, Luminita A},
  journal={Image Processing, IEEE Transactions on},
  volume={10},
  number={2},
  pages={266--277},
  year={2001},
  publisher={IEEE}
}
@article{mumford1989optimal,
  title={Optimal approximations by piecewise smooth functions and associated variational problems},
  author={Mumford, David and Shah, Jayant},
  journal={Communications on pure and applied mathematics},
  volume={42},
  number={5},
  pages={577--685},
  year={1989},
  publisher={Wiley Online Library}
}
@article{jeanvariational,
  title={VARIATIONAL REGION GROWING},
  author={Jean-Lo{\i}c, Rose and Chantal, Revol-Muller and Christophe, Odet and Christian, Reichert}
}
@inproceedings {springerlink:10.1007/BFb0029240,
   author = {Sato, Yoshinobu and Nakajima, Shin and Atsumi, Hideki and Koller, Thomas and Gerig, Guido and Yoshida, Shigeyuki and Kikinis, Ron},
   affiliation = {Harvard Medical School and Brigham and Women's Hospital Surgical Planning Laboratory, Department of Radiology 75 Francis St 02115 Boston MA USA 75 Francis St 02115 Boston MA USA},
   title = {{3D} multi-scale line filter for segmentation and visualization of curvilinear structures in medical images},
   booktitle = {CVRMed-MRCAS'97},
   editor = {Troccaz, Jocelyne and Grimson, Eric and Mösges, Ralph},
   publisher = {Springer Berlin / Heidelberg},
   isbn = {978-3-540-62734-0},
   keyword = {Computer Science},
   pages = {213--222},
   volume = {LNCS 1205},
   url = {http://dx.doi.org/10.1007/BFb0029240},
   year = {1997}
   note = {10.1007/BFb0029240},
   series = {Lecture Notes in Computer Science},
}
@inproceedings {PRIE-12c,
	title = {CreaLungs: a variational region growing method to segment pulmonary vascular trees},
	booktitle = {ISBI VESSEL12 Challenge},
	year = {2012},
	month = {05/2012},
	address = {Barcelona, Spain},
	keywords = {categ_mixte, Colombie, Imagerie Coeur - Vaisseaux - Poumons, Images et Mod{\`e}les, reseau_international},
	url = {http://www.creatis.insa-lyon.fr/site/sites/default/files/AlgorithmDescription.pdf},
	attachments = {http://www.creatis.insa-lyon.fr/site/sites/default/files/AlgorithmDescription.pdf},
	author = {Prieto, J.C. and Revol-Muller, C. and Odet, C. and Orkisz, M. and Hern{\'a}ndez Hoyos, M.}
}
@inproceedings {PRIE-12e,
	title = {Segmentaci{\'o}n del {\'a}rbol vascular pulmonar},
	booktitle = {XXXVIII Conferencia Latinoamericana en Inform{\'a}tica (CLEI)},
	year = {2012},
	month = {10/2012},
	pages = {1-7},
	address = {Medell{\'\i}n, Colombia},
	keywords = {Colombie, Imagerie Coeur - Vaisseaux - Poumons, Images et Mod{\`e}les},
	isbn = {978-1-4673-0794-9},
	doi = {10.1109/CLEI.2012.6427119},
	author = {Prieto, J.C. and P{\'e}rez Romanello, C. and P{\'e}rez Romanello, V. and Revol-Muller, C. and Odet, C. and Orkisz, M. and Hern{\'a}ndez Hoyos, M.}
}
@inproceedings {PRIE-12a,
	title = {3D Texture synthesis for modeling realistic organic tissues},
	booktitle = {VISAPP 2012. International Conference on Computer Vision Theory and Applications},
	year = {2012},
	month = {02/12},
	pages = {60-65},
	address = {Rome, Italy},
	keywords = {categ_st2i, Royaume Uni},
	author = {Prieto, J.C. and Revol-Muller, C. and Peyrin, F. and Camelitti, P. and Odet, C.}
}
@inproceedings {PRIET-12b,
	title = {Modeling 3D realistic organic tissues from 2D digital microscope images},
	booktitle = {ESMI "Hot Topics in molecular imaging{\textquotedblright} Topim{\textquoteright}12},
	year = {2012},
	pages = {in press},
	keywords = {Royaume Uni},
	author = {Prieto, J.C. and Revol-Muller, C. and Camelitti, P. and Odet, C.}
}
@misc {PRIE-11,
	title = {Mod{\'e}lisation multiparam{\'e}trique d{\textquoteright}organes bas{\'e}e sur le codage de la structure interne},
	journal = {Journ{\'e}e Sciences Crois{\'e}es Insa-Lyon: Mod{\'e}lisation et Sciences num{\'e}riques},
	year = {2011},
	author = {Prieto, J.C. and Revol-Muller, C. and Odet, C.}
}
@inproceedings {PRIET-12d,
	title = {Age estimation from 3D X-ray CT images of human fourth ribs},
	booktitle = {Worldcomp{\textquoteright}12: 16th International Conference on Image Processing, Computer Vision, \& Pattern Recognition IPCV{\textquoteright}12},
	year = {2012},
	address = {Las Vegas, Nevada, USA},
	keywords = {categ_mixte, Images et Mod{\`e}les},
	author = {Prieto, J.C. and Mihaila, S. and Hilaire, A. and Fanton, L. and Odet, C. and Revol-Muller, C.}
}
@article{cootes1995active,
  title={Active shape models-their training and application},
  author={Cootes, Timothy F and Taylor, Christopher J and Cooper, David H and Graham, Jim},
  journal={Computer vision and image understanding},
  volume={61},
  number={1},
  pages={38--59},
  year={1995},
  publisher={Elsevier}
}
@article{fletcher2004principal,
  title={Principal geodesic analysis for the study of nonlinear statistics of shape},
  author={Fletcher, P Thomas and Lu, Conglin and Pizer, Stephen M and Joshi, Sarang},
  journal={Medical Imaging, IEEE Transactions on},
  volume={23},
  number={8},
  pages={995--1005},
  year={2004},
  publisher={IEEE}
}
@article{cootes2001active,
  title={Active appearance models},
  author={Cootes, Timothy F. and Edwards, Gareth J. and Taylor, Christopher J.},
  journal={Pattern Analysis and Machine Intelligence, IEEE Transactions on},
  volume={23},
  number={6},
  pages={681--685},
  year={2001},
  publisher={IEEE}
}
@article{mitchell20023,
  title={3-D Active Appearance Models: Segmentation of Cardiac MR and Ultrasound Images},
  author={Mitchell, Steven C and Bosch, Johan G and Lelieveldt, Boudewijn PF and van der Geest, Rob J and Reiber, Johan HC and Sonka, Milan},
  journal={IEEE TRANSACTIONS ON MEDICAL IMAGING},
  volume={21},
  number={9},
  pages={1167},
  year={2002}
}
@article{brechbuhler1995parametrization,
  title={Parametrization of closed surfaces for 3-D shape description},
  author={Brechb{\"u}hler, Ch and Gerig, Guido and K{\"u}bler, Olaf},
  journal={Computer vision and image understanding},
  volume={61},
  number={2},
  pages={154--170},
  year={1995},
  publisher={Elsevier}
}
@article{styner2004boundary,
  title={Boundary and medial shape analysis of the hippocampus in schizophrenia},
  author={Styner, Martin and Lieberman, Jeffrey A and Pantazis, Dimitrios and Gerig, Guido},
  journal={Medical Image Analysis},
  volume={8},
  number={3},
  pages={197--203},
  year={2004},
  publisher={Elsevier}
}
@article{bradley1997geometric,
  title={Geometric modeling of the human torso using cubic hermite elements},
  author={Bradley, CP and Pullan, AJ and Hunter, PJ},
  journal={Annals of Biomedical Engineering},
  volume={25},
  number={1},
  pages={96--111},
  year={1997},
  publisher={Springer}
}
@inproceedings{heimann2007shape,
  title={A shape-guided deformable model with evolutionary algorithm initialization for 3D soft tissue segmentation},
  author={Heimann, Tobias and M{\"u}nzing, Sascha and Meinzer, Hans-Peter and Wolf, Ivo},
  booktitle={Information Processing in Medical Imaging},
  pages={1--12},
  year={2007},
  organization={Springer}
}
@article{Grenander1998,
  title={Computational anatomy: An emerging discipline},
  author={Grenander, Ulf and Miller, Michael I},
  journal={Quarterly of applied mathematics},
  volume={56},
  number={4},
  pages={617--694},
  year={1998},
  publisher={American Mathematical Society}
}
@inproceedings{narayanan2005diffeomorphic,
  title={Diffeomorphic nonlinear transformations: A local parametric approach for image registration},
  author={Narayanan, Ramkrishnan and Fessler, Jeffrey A and Park, Hyunjin and Meyer, Charles R},
  booktitle={Information Processing in Medical Imaging},
  pages={174--185},
  year={2005},
  organization={Springer}
}

@article{cao2005large,
  title={Large deformation diffeomorphic metric mapping of vector fields},
  author={Cao, Yan and Miller, Michael I and Winslow, Raimond L and Younes, Laurent},
  journal={Medical Imaging, IEEE Transactions on},
  volume={24},
  number={9},
  pages={1216--1230},
  year={2005},
  publisher={IEEE}
}

@article{blum1967transformation,
  title={A transformation for extracting new descriptors of shape},
  author={Blum, Harry and others},
  journal={Models for the perception of speech and visual form},
  volume={19},
  number={5},
  pages={362--380},
  year={1967}
}

@inproceedings{culver1999accurate,
  title={Accurate computation of the medial axis of a polyhedron},
  author={Culver, Tim and Keyser, John and Manocha, Dinesh},
  booktitle={Proceedings of the fifth ACM symposium on Solid modeling and applications},
  pages={179--190},
  year={1999},
  organization={ACM}
}

@article{amenta2001power,
  title={The power crust, unions of balls, and the medial axis transform},
  author={Amenta, Nina and Choi, Sunghee and Kolluri, Ravi Krishna},
  journal={Computational Geometry},
  volume={19},
  number={2},
  pages={127--153},
  year={2001},
  publisher={Elsevier}
}

@article{miklos2010discrete,
  title={Discrete scale axis representations for 3D geometry},
  author={Miklos, Balint and Giesen, Joachim and Pauly, Mark},
  journal={ACM Transactions on Graphics (TOG)},
  volume={29},
  number={4},
  pages={101},
  year={2010},
  publisher={ACM}
}

@article{liu2011extended,
  title={Extended grassfire transform on medial axes of 2D shapes},
  author={Liu, Lu and Chambers, Erin W and Letscher, David and Ju, Tao},
  journal={Computer-Aided Design},
  volume={43},
  number={11},
  pages={1496--1505},
  year={2011},
  publisher={Elsevier}
}
@article{brown1992survey,
  title={A survey of image registration techniques},
  author={Brown, Lisa Gottesfeld},
  journal={ACM computing surveys (CSUR)},
  volume={24},
  number={4},
  pages={325--376},
  year={1992},
  publisher={ACM}
}

@article{wyawahare2009image,
  title={Image registration techniques: an overview},
  author={Wyawahare, Medha V and Patil, Pradeep M and Abhyankar, Hemant K and others},
  journal={International Journal of Signal Processing, Image Processing and Pattern Recognition},
  volume={2},
  number={3},
  pages={11--28},
  year={2009}
}
@article{fischl2002whole,
  title={Whole brain segmentation: automated labeling of neuroanatomical structures in the human brain},
  author={Fischl, Bruce and Salat, David H and Busa, Evelina and Albert, Marilyn and Dieterich, Megan and Haselgrove, Christian and van der Kouwe, Andre and Killiany, Ron and Kennedy, David and Klaveness, Shuna and others},
  journal={Neuron},
  volume={33},
  number={3},
  pages={341--355},
  year={2002},
  publisher={Elsevier}
}
@article{fischl2004automatically,
  title={Automatically parcellating the human cerebral cortex},
  author={Fischl, Bruce and Van Der Kouwe, Andr{\'e} and Destrieux, Christophe and Halgren, Eric and S{\'e}gonne, Florent and Salat, David H and Busa, Evelina and Seidman, Larry J and Goldstein, Jill and Kennedy, David and others},
  journal={Cerebral Cortex},
  volume={14},
  number={1},
  pages={11--22},
  year={2004},
  publisher={Oxford Univ Press}
}

@ARTICLE{pohl07_3,
  AUTHOR = {K.M. Pohl and S. Bouix and M. Nakamura and T. Rohlfing and R.W. McCarley and R. Kikinis and  W.E.L. Grimson and M.E. Shenton and W.M. Wells},
  TITLE = {A Hierarchical Algorithm for MR Brain Image Parcellation},
  JOURNAL = {IEEE Transactions on Medical Imaging},
  YEAR = {2007},
  VOLUME = 26,
  NUMBER = 9,
  PAGES = {1201-1212},
  CATEGORY = {journal}
}
@article{kybic2010bootstrap,
  title={Bootstrap resampling for image registration uncertainty estimation without ground truth},
  author={Kybic, Jan},
  journal={Image Processing, IEEE Transactions on},
  volume={19},
  number={1},
  pages={64--73},
  year={2010},
  publisher={IEEE}
}

@inproceedings{schroder1995spherical,
  title={Spherical wavelets: Efficiently representing functions on the sphere},
  author={Schr{\"o}der, Peter and Sweldens, Wim},
  booktitle={Proceedings of the 22nd annual conference on Computer graphics and interactive techniques},
  pages={161--172},
  year={1995},
  organization={ACM}
}

@misc{simonson2011image,
  title={Image registration with uncertainty analysis},
  author={Simonson, Katherine M},
  year={2011},
  month=mar # "~22",
  publisher={Google Patents},
  note={US Patent 7,912,321}
}

@article{katz2003untangling,
  title={Untangling the Blum medial axis transform},
  author={Katz, Robert A and Pizer, Stephen M},
  journal={International Journal of Computer Vision},
  volume={55},
  number={2-3},
  pages={139--153},
  year={2003},
  publisher={Springer}
}

@article{yushkevich2003continuous,
  title={Continuous medial representations for geometric object modeling in 2D and 3D},
  author={Yushkevich, Paul and Thomas Fletcher, P and Joshi, Sarang and Thall, Andrew and Pizer, Stephen M},
  journal={Image and Vision Computing},
  volume={21},
  number={1},
  pages={17--27},
  year={2003},
  publisher={Elsevier}
}

@article{pizer1999segmentation,
  title={Segmentation, registration, and measurement of shape variation via image object shape},
  author={Pizer, Stephen M and Fritsch, Daniel S and Yushkevich, Paul A and Johnson, Valen E and Chaney, Edward L},
  journal={Medical Imaging, IEEE Transactions on},
  volume={18},
  number={10},
  pages={851--865},
  year={1999},
  publisher={IEEE}
}
@inproceedings{styner2001medial,
  title={Medial models incorporating object variability for 3D shape analysis},
  author={Styner, Martin and Gerig, Guido},
  booktitle={Information Processing in Medical Imaging},
  pages={502--516},
  year={2001},
  organization={Springer}
}
@article{pizer2003deformable,
  title={Deformable m-reps for 3D medical image segmentation},
  author={Pizer, Stephen M and Fletcher, P Thomas and Joshi, Sarang and Thall, Andrew and Chen, James Z and Fridman, Yonatan and Fritsch, Daniel S and Gash, A Graham and Glotzer, John M and Jiroutek, Michael R and others},
  journal={International Journal of Computer Vision},
  volume={55},
  number={2-3},
  pages={85--106},
  year={2003},
  publisher={Springer}
}
@article{wang2007object,
  title={Object oriented data analysis: Sets of trees},
  author={Wang, Haonan and Marron, JS},
  journal={The Annals of Statistics},
  volume={35},
  number={5},
  pages={1849--1873},
  year={2007},
  publisher={Institute of Mathematical Statistics}
}
@inproceedings{sorensen2011dissimilarity,
  title={Dissimilarity-based classification of anatomical tree structures},
  author={S{\o}rensen, Lauge and Lo, Pechin and Dirksen, Asger and Petersen, Jens and De Bruijne, Marleen},
  booktitle={Information Processing in Medical Imaging},
  pages={475--485},
  year={2011},
  organization={Springer}
}
@article{aydin2011visualizing,
  title={Visualizing the structure of large trees},
  author={Ayd{\i}n, Burcu and Pataki, G{\'a}bor and Wang, Haonan and Ladha, Alim and Bullitt, Elizabeth and Marron, JS},
  journal={Electronic Journal of Statistics},
  volume={5},
  pages={405--420},
  year={2011},
  publisher={Institute of Mathematical Statistics}
}

@phdthesis{thall2004deformable,
  title={Deformable solid modeling via medial sampling and displacement subdivision},
  author={Thall, Andrew Lewis},
  year={2004},
  school={The University of North Carolina}
}

@article{pizer2005method,
  title={A method and software for segmentation of anatomic object ensembles by deformable m-reps},
  author={Pizer, Stephen M and Fletcher, P Thomas and Joshi, Sarang and Gash, A Graham and Stough, Joshua and Thall, Andrew and Tracton, Gregg and Chaney, Edward L},
  journal={Medical Physics},
  volume={32},
  pages={1335},
  year={2005}
}

@article{fletcher2004principal,
  title={Principal geodesic analysis for the study of nonlinear statistics of shape},
  author={Fletcher, P Thomas and Lu, Conglin and Pizer, Stephen M and Joshi, Sarang},
  journal={Medical Imaging, IEEE Transactions on},
  volume={23},
  number={8},
  pages={995--1005},
  year={2004},
  publisher={IEEE}
}
@inproceedings{damon2003smoothness,
  title={Smoothness and geometry of boundaries associated to skeletal structures I: Sufficient conditions for smoothness},
  author={Damon, James},
  booktitle={Annales de l'institut Fourier},
  volume={53},
  number={6},
  pages={1941},
  year={2003},
  organization={Chartres: L'Institut, 1950-}
}

@article{damon2008swept,
  title={Swept regions and surfaces: Modeling and volumetric properties},
  author={Damon, James},
  journal={Theoretical Computer Science},
  volume={392},
  number={1},
  pages={66--91},
  year={2008},
  publisher={Elsevier}
}

@inproceedings{han2006interpolation,
  title={Interpolation in discrete single figure medial objects},
  author={Han, Qiong and Pizer, Stephen M and Damon, James N},
  booktitle={Computer Vision and Pattern Recognition Workshop, 2006. CVPRW'06. Conference on},
  pages={85--85},
  year={2006},
  organization={IEEE}
}

@article{saboo2011aa,
  title={Anti-aliasing discretely sampled object boundaries using fourth-order Laplacian of curvature flow},
  author={Saboo, R. and Niethammer, M. and North, M. and Pizer, S.M.},
  year={2011},
  url = {http://midag.cs.unc.edu/bibliography.html}
}
@book{frechet1944integrale,
  title={L'int{\'e}grale abstraite d'une fonction abstraite d'une variable abstraite et son application {\`a} la moyenne d'un {\'e}l{\'e}ment al{\'e}atoire de nature quelconque},
  author={Fr{\'e}chet, Maurice},
  year={1944},
  publisher={La Revue Scientifique}
}

@inproceedings{frechet1948elements,
  title={Les {\'e}l{\'e}ments al{\'e}atoires de nature quelconque dans un espace distanci{\'e}},
  author={Fr{\'e}chet, Maurice},
  booktitle={Annales de l'institut Henri Poincar{\'e}},
  volume={10},
  number={4},
  pages={215--310},
  year={1948},
  organization={Presses universitaires de France}
}

@article{karcher1977riemannian,
  title={Riemannian center of mass and mollifier smoothing},
  author={Karcher, Hermann},
  journal={Communications on pure and applied mathematics},
  volume={30},
  number={5},
  pages={509--541},
  year={1977},
  publisher={Wiley Online Library}
}
@article{bhattacharya2003large,
  title={Large sample theory of intrinsic and extrinsic sample means on manifolds. I},
  author={Bhattacharya, Rabi and Patrangenaru, Vic},
  journal={Annals of statistics},
  pages={1--29},
  year={2003},
  publisher={JSTOR}
}
@article{jung2011principal,
  title={Principal arc analysis on direct product manifolds},
  author={Jung, Sungkyu and Foskey, Mark and Marron, JS},
  journal={The Annals of Applied Statistics},
  volume={5},
  number={1},
  pages={578--603},
  year={2011},
  publisher={Institute of Mathematical Statistics}
}

@article{saboomedial,
  title={Medial Models of Populations of Nearly Tubular Objects},
  author={Saboo, Rohit R and Levy, Joshua H and Chaney, Edward M and Pizer, Stephen M}
}
@inproceedings{binford1971visual,
  title={Visual perception by computer},
  author={Binford, Thomas O},
  booktitle={IEEE conference on Systems and Control},
  volume={261},
  pages={262},
  year={1971}
}
@inproceedings{huang1993generalized,
  title={Generalized tube model: Recognizing 3d elongated objects from 2d intensity images},
  author={Huang, Qian and Stockman, George C},
  booktitle={Computer Vision and Pattern Recognition, 1993. Proceedings CVPR'93., 1993 IEEE Computer Society Conference on},
  pages={104--109},
  year={1993},
  organization={IEEE}
}
@article{jay1996brain,
  title={Brain and eye pathology in an infant with Down syndrome and tuberous sclerosis},
  author={Jay, Venita},
  journal={Pediatric neurology},
  volume={15},
  number={1},
  pages={57--59},
  year={1996},
  publisher={Elsevier}
}
@book{buettner1964evolutionary,
  title={Evolutionary and genetic biology of primates},
  author={Buettner-Janusch, John},
  volume={2},
  year={1964},
  publisher={Academic Press}
}
@article{raghavan1997continuum,
  title={A continuum mechanics-based model for cortical growth},
  author={Raghavan, R and Lawton, Wayne and Ranjan, SR and Viswanathan, RR},
  journal={Journal of theoretical biology},
  volume={187},
  number={2},
  pages={285--296},
  year={1997},
  publisher={Elsevier}
}
@article{toro2005morphogenetic,
  title={A morphogenetic model for the development of cortical convolutions},
  author={Toro, Roberto and Burnod, Yves},
  journal={Cerebral Cortex},
  volume={15},
  number={12},
  pages={1900--1913},
  year={2005},
  publisher={Oxford Univ Press}
}
@article{geng2009biomechanisms,
  title={Biomechanisms for modelling cerebral cortical folding},
  author={Geng, Guangqiang and Johnston, Leigh A and Yan, Edwin and Britto, Joanne M and Smith, David W and Walker, David W and Egan, Gary F},
  journal={Medical image analysis},
  volume={13},
  number={6},
  pages={920--930},
  year={2009},
  publisher={Elsevier}
}
@article{bayly2013mechanical,
  title={Mechanical forces in cerebral cortical folding: a review of measurements and models},
  author={Bayly, PV and Taber, LA and Kroenke, CD},
  journal={Journal of the mechanical behavior of biomedical materials},
  year={2013},
  publisher={Elsevier}
}
@incollection{filas2013mechanisms,
  title={Mechanisms of Brain Morphogenesis},
  author={Filas, Benjamen A and Xu, Gang and Taber, Larry A},
  booktitle={Computer Models in Biomechanics},
  pages={337--349},
  year={2013},
  publisher={Springer}
}

@inproceedings{schroder1995spherical,
  title={Spherical wavelets: Efficiently representing functions on the sphere},
  author={Schr{\"o}der, Peter and Sweldens, Wim},
  booktitle={Proceedings of the 22nd annual conference on Computer graphics and interactive techniques},
  pages={161--172},
  year={1995},
  organization={ACM}
}

@techreport{schwartz2008tr,
	author = {Ernst Schwartz},
	title = {{Spherical Wavelets: A new tool for shape description}},
	institution = {Pattern Recognition and Image Processing Group (PRIP), Vienna University of Technology, Austria},
	month = {October},
	year = {2008},
	number = {PRIP-TR-118}
}

@inproceedings{yu2007cortical,
  title={Cortical folding development study based on over-complete spherical wavelets},
  author={Yu, Peng and Yeo, BT Thomas and Grant, P Ellen and Fischl, Bruce and Golland, Polina},
  booktitle={Computer Vision, 2007. ICCV 2007. IEEE 11th International Conference on},
  pages={1--8},
  year={2007},
  organization={IEEE}
}
@article{nain2007multiscale,
  title={Multiscale 3-d shape representation and segmentation using spherical wavelets},
  author={Nain, Delphine and Haker, Steven and Bobick, Aaron and Tannenbaum, Allen},
  journal={Medical Imaging, IEEE Transactions on},
  volume={26},
  number={4},
  pages={598--618},
  year={2007},
  publisher={IEEE}
}
@article{jain1991unsupervised,
  title={Unsupervised texture segmentation using Gabor filters},
  author={Jain, Anil K and Farrokhnia, Farshid},
  journal={Pattern recognition},
  volume={24},
  number={12},
  pages={1167--1186},
  year={1991},
  publisher={Elsevier}
}
@article{bergen1991computational,
  title={Computational modeling of visual texture segregation},
  author={Bergen, James R and Landy, Michael S},
  journal={Computational models of visual processing},
  pages={253--271},
  year={1991}
}
@article{julesz1978visual,
  title={Visual discrimination of textures with identical third-order statistics},
  author={Jul{\'e}sz, Bela and Gilbert, EN and Victor, JD},
  journal={Biological cybernetics},
  volume={31},
  number={3},
  pages={137--140},
  year={1978},
  publisher={Springer}
}
@article{olshausen1997sparse,
  title={Sparse coding with an overcomplete basis set: A strategy employed by V1?},
  author={Olshausen, Bruno A and Field, David J},
  journal={Vision research},
  volume={37},
  number={23},
  pages={3311--3325},
  year={1997},
  publisher={Elsevier}
}
@article{landy1991texture,
  title={Texture segregation and orientation gradient},
  author={Landy, Michael S and Bergen, James R},
  journal={Vision research},
  volume={31},
  number={4},
  pages={679--691},
  year={1991},
  publisher={Elsevier}
}
@article{landy2004visual,
  title={Visual perception of texture},
  author={Landy, Michael S and Graham, Norma},
  journal={The visual neurosciences},
  volume={2},
  pages={1106--1118},
  year={2004},
  publisher={MIT}
}
@inproceedings{efros1999texture,
  title={Texture synthesis by non-parametric sampling},
  author={Efros, Alexei A and Leung, Thomas K},
  booktitle={Computer Vision, 1999. The Proceedings of the Seventh IEEE International Conference on},
  volume={2},
  pages={1033--1038},
  year={1999},
  organization={IEEE}
}
@inproceedings{heeger1995pyramid,
  title={Pyramid-based texture analysis/synthesis},
  author={Heeger, David J and Bergen, James R},
  booktitle={Proceedings of the 22nd annual conference on Computer graphics and interactive techniques},
  pages={229--238},
  year={1995},
  organization={ACM}
}
@inproceedings{wei2001texture,
  title={Texture synthesis over arbitrary manifold surfaces},
  author={Wei, Li-Yi and Levoy, Marc},
  booktitle={Proceedings of the 28th annual conference on Computer graphics and interactive techniques},
  pages={355--360},
  year={2001},
  organization={ACM}
}
@inproceedings{wei2000fast,
  title={Fast texture synthesis using tree-structured vector quantization},
  author={Wei, Li-Yi and Levoy, Marc},
  booktitle={Proceedings of the 27th annual conference on Computer graphics and interactive techniques},
  pages={479--488},
  year={2000},
  organization={ACM Press/Addison-Wesley Publishing Co.}
}
@inproceedings{carlton1977image,
  title={Image segmentation using texture and gray level},
  author={Carlton, SG and Mitchell, OR},
  booktitle={Proceedings, Conference on Pattern Recognition and Image Processing, Troy, New York},
  pages={387--391},
  year={1977}
}
@inproceedings{wexler2004space,
  title={Space-time video completion},
  author={Wexler, Yonatan and Shechtman, Eli and Irani, Michal},
  booktitle={Computer Vision and Pattern Recognition, 2004. CVPR 2004. Proceedings of the 2004 IEEE Computer Society Conference on},
  volume={1},
  pages={I--120},
  year={2004},
  organization={IEEE}
}
@article{wolfe1999teaching,
  title={Teaching Texture Mapping Visually},
  author={Wolfe, Rosalee},
  journal={Hypermedia and Visualization Laboratory web resources, Georgia State University and SIGGRAPH},
  year={1999}
}
@phdthesis{merck2009model,
  title={Model guided rendering for medical images},
  author={Merck, Derek},
  year={2009},
  school={University of North Carolina}
}
@inproceedings{praun2000lapped,
  title={Lapped textures},
  author={Praun, Emil and Finkelstein, Adam and Hoppe, Hugues},
  booktitle={Proceedings of the 27th annual conference on Computer graphics and interactive techniques},
  pages={465--470},
  year={2000},
  organization={ACM Press/Addison-Wesley Publishing Co.}
}
@article{liang2001real,
  title={Real-time texture synthesis by patch-based sampling},
  author={Liang, Lin and Liu, Ce and Xu, Ying-Qing and Guo, Baining and Shum, Heung-Yeung},
  journal={ACM Transactions on Graphics (ToG)},
  volume={20},
  number={3},
  pages={127--150},
  year={2001},
  publisher={ACM}
}
@inproceedings{kwatra2003graphcut,
  title={Graphcut textures: image and video synthesis using graph cuts},
  author={Kwatra, Vivek and Sch{\"o}dl, Arno and Essa, Irfan and Turk, Greg and Bobick, Aaron},
  booktitle={ACM Transactions on Graphics (TOG)},
  volume={22},
  number={3},
  pages={277--286},
  year={2003},
  organization={ACM}
}
@article{wu2004feature,
  title={Feature matching and deformation for texture synthesis},
  author={Wu, Qing and Yu, Yizhou},
  journal={ACM Transactions on Graphics (TOG)},
  volume={23},
  number={3},
  pages={364--367},
  year={2004},
  publisher={ACM}
}
@article{perlin1985image,
  title={An image synthesizer},
  author={Perlin, Ken},
  journal={SIGGRAPH Comput. Graph.},
  volume={19},
  number={3},
  pages={287--296},
  year={1985},
  publisher={ACM}
}
@inproceedings{peachey1985solid,
  title={Solid texturing of complex surfaces},
  author={Peachey, Darwyn R},
  booktitle={ACM SIGGRAPH Computer Graphics},
  volume={19},
  number={3},
  pages={279--286},
  year={1985},
  organization={ACM}
}
@article{witkin1991reaction,
  title={Reaction-diffusion textures},
  author={Witkin, Andrew and Kass, Michael},
  journal={ACM Siggraph Computer Graphics},
  volume={25},
  number={4},
  pages={299--308},
  year={1991},
  publisher={ACM}
}
@inproceedings{walter2001integrating,
  title={Integrating shape and pattern in mammalian models},
  author={Walter, Marcelo and Fournier, Alain and Menevaux, Daniel},
  booktitle={Proceedings of the 28th annual conference on Computer graphics and interactive techniques},
  pages={317--326},
  year={2001},
  organization={ACM}
}
@inproceedings{lagae2009procedural,
  title={Procedural noise using sparse Gabor convolution},
  author={Lagae, Ares and Lefebvre, Sylvain and Drettakis, George and Dutr{\'e}, Philip},
  booktitle={ACM Transactions on Graphics (TOG)},
  volume={28},
  number={3},
  pages={54},
  year={2009},
  organization={ACM}
}
@inproceedings{ashikhmin2001synthesizing,
  title={Synthesizing natural textures},
  author={Ashikhmin, Michael},
  booktitle={Proceedings of the 2001 symposium on Interactive 3D graphics},
  pages={217--226},
  year={2001},
  organization={ACM}
}
@inproceedings{tong2002synthesis,
  title={Synthesis of bidirectional texture functions on arbitrary surfaces},
  author={Tong, Xin and Zhang, Jingdan and Liu, Ligang and Wang, Xi and Guo, Baining and Shum, Heung-Yeung},
  booktitle={ACM Transactions on Graphics (TOG)},
  volume={21},
  number={3},
  pages={665--672},
  year={2002},
  organization={ACM}
}
@article{chen2010high,
  title={High quality solid texture synthesis using position and index histogram matching},
  author={Chen, Jiating and Wang, Bin},
  journal={The Visual Computer},
  volume={26},
  number={4},
  pages={253--262},
  year={2010},
  publisher={Springer}
}
@article{leung2001representing,
  title={Representing and recognizing the visual appearance of materials using three-dimensional textons},
  author={Leung, Thomas and Malik, Jitendra},
  journal={International Journal of Computer Vision},
  volume={43},
  number={1},
  pages={29--44},
  year={2001},
  publisher={Springer}
}
@book{netter2010atlas,
  title={Atlas of human anatomy},
  author={Netter, Frank H},
  year={2010},
  publisher={Elsevier Health Sciences}
}
@inproceedings{kabul2011optimal,
  title={An optimal control approach for texture metamorphosis},
  author={Kabul, Ilknur and Pizer, Stephen M and Rosenman, Julian and Niethammer, Marc},
  booktitle={Computer Graphics Forum},
  volume={30},
  number={8},
  pages={2341--2353},
  year={2011},
  organization={Wiley Online Library}
}
@inproceedings{marion2011multi,
  title={Multi-modality medical image simulation of biological models with the Virtual Imaging Platform (VIP)},
  author={Marion, Adrien and Forestier, Germain and Benoit-Cattin, Hugues and Camarasu-Pop, Sorina and Clarysse, Patrick and da Silva, Rafael Ferreira and Gibaud, Bernard and Glatard, Tristan and Hugonnard, Patrick and Lartizien, Carole and others},
  booktitle={Computer-Based Medical Systems (CBMS), 2011 24th International Symposium on},
  pages={1--6},
  year={2011},
  organization={IEEE}
}
@inproceedings{jensen2004simulation,
  title={Simulation of advanced ultrasound systems using Field II},
  author={Jensen, J{\o}rgen Arendt},
  booktitle={Biomedical Imaging: Nano to Macro, 2004. IEEE International Symposium on},
  pages={636--639},
  year={2004},
  organization={IEEE}
}
@article{reilhac2004pet,
  title={PET-SORTEO: A Monte Carlo-based simulator with high count rate capabilities},
  author={Reilhac, Anthonin and Lartizien, Carole and Costes, Nicolas and Sans, Sylvain and Comtat, Claude and Gunn, Roger N and Evans, Alan C},
  journal={Nuclear Science, IEEE Transactions on},
  volume={51},
  number={1},
  pages={46--52},
  year={2004},
  publisher={IEEE}
}
@inproceedings{tabary2009realistic,
  title={Realistic X-Ray CT simulation of the XCAT phantom with SINDBAD},
  author={Tabary, Joachim and Marache-Francisco, Simon and Valette, S{\'e}bastien and Segars, W Paul and Lartizien, Carole},
  booktitle={Nuclear Science Symposium Conference Record (NSS/MIC), 2009 IEEE},
  pages={3980--3983},
  year={2009},
  organization={IEEE}
}
@article{benoit2005simri,
  title={The SIMRI project: a versatile and interactive MRI simulator},
  author={Benoit-Cattin, H and Collewet, G and Belaroussi, B and Saint-Jalmes, H and Odet, C},
  journal={Journal of Magnetic Resonance},
  volume={173},
  number={1},
  pages={97--115},
  year={2005},
  publisher={Elsevier}
}
@article{caom3,
  title={M3. 3.2--Validation study of the brain model for MS USPIO-enhanced diagnosis},
  author={Cao, Fang and Commowick, Olivier and Bannier, Elise and Crimi, Alessandro and Barillot, Christian}
}
@article{tobon2011realistic,
  title={Realistic simulation of cardiac magnetic resonance studies modeling anatomical variability, trabeculae, and papillary muscles},
  author={Tobon-Gomez, C and Sukno, FM and Bijnens, BH and Huguet, M and Frangi, AF},
  journal={Magnetic Resonance in Medicine},
  volume={65},
  number={1},
  pages={280--288},
  year={2011},
  publisher={Wiley Online Library}
}
@article{le2009incorporating,
  title={Incorporating Patient-Specific Variability in the Simulation of Realistic Whole-Body< formula formulatype=},
  author={Le Maitre, Amandine and Segars, William Paul and Marache, Simon and Reilhac, Anthonin and Hatt, Mathieu and Tomei, Sandrine and Lartizien, Carole and Visvikis, Dimitris},
  journal={Proceedings of the IEEE},
  volume={97},
  number={12},
  pages={2026--2038},
  year={2009},
  publisher={IEEE}
}
@article{glatard2011virtual,
  title={A Virtual Imaging Platform for multi-modality medical image simulation},
  author={Glatard, Tristan and Lartizien, Carole and Gibaud, Bernard and Ferreira da Silva, R and Forestier, Germain and Cervenansky, Fr{\'e}d{\'e}ric and Benoit-Cattin, H and Montagnat, J and Tabary, J and Friboulet, D},
  year={2011},
  publisher={IEEE}
}
@inproceedings {CHAR-09,
	title = {Towards Iron Oxide Nanoparticles quantization in Molecular MR images by Default Field Deconvolution},
	booktitle = {Proc. ISBI 2009: 6th IEEE international symposium on biomedical imaging},
	year = {2009},
	keywords = {categ_st2i, imagerie_volumique, nouvelle_equipe_2},
	author = {Charpigny, D. and Grenier, T. and Odet, C. and Benoit-Cattin, H.}
}

@article{Castella:08,
author = {Castella, C. and Kinkel, K. and Descombes, F. and Eckstein, M.P. and  Sottas,P.E. and Verdun, F.R.  and Bochud,F.O. },
journal = {Opt. Express},
keywords = {Image analysis; Mammography; Vision - patterns and recognition},
number = {11},
pages = {7595--7607},
publisher = {OSA},
title = {Mammographic texture synthesis: second-generationclustered lumpy backgrounds using agenetic algorithm},
volume = {16},
month = {May},
year = {2008},
url = {http://www.opticsexpress.org/abstract.cfm?URI=oe-16-11-7595},
doi = {10.1364/OE.16.007595},
abstract = {Synthetic yet realistic images are valuable for many applicationsin visual sciences and medical imaging. Typically, investigators developalgorithms and adjust their parameters to generate images that are visuallysimilar to real images. In this study, we used a genetic algorithm and anobjective, statistical similarity measure to optimize a particular texturegeneration algorithm, the clustered lumpy backgrounds (CLB) technique,and synthesize images mimicking real mammograms textures. Wecombined this approach with psychophysical experiments involving thejudgment of radiologists, who were asked to qualify the visual realism ofthe images. Both objective and psychophysical approaches show that theoptimized versions are significantly more realistic than the previous CLBmodel. Anatomical structures are well reproduced, and arbitrary largedatabases of mammographic texture with visual and statistical realism canbe generated. Potential applications include detection experiments, wherelarge amounts of statistically traceable yet realistic images are needed.},
}

@inproceedings{DBLP:conf/smi/HoldsteinFPB09,
  author    = {Holdstein, Y. and
               Fischer, A. and
               Podshivalov, L and
               XBar-Yoseph, P.Z.},
  title     = {Volumetric texture synthesis of bone micro-structure as
               a base for scaffold design},
  booktitle = {Shape Modeling International},
  year      = {2009},
  pages     = {81-88},
}
@article{caom3,
  title={M3. 3.2--Validation study of the brain model for MS USPIO-enhanced diagnosis},
  author={Cao, Fang and Commowick, Olivier and Bannier, Elise and Crimi, Alessandro and Barillot, Christian}
}
@article{segars2008realistic,
  title={Realistic CT simulation using the 4D XCAT phantom},
  author={Segars, WP and Mahesh, M and Beck, TJ and Frey, EC and Tsui, BMW},
  journal={Medical physics},
  volume={35},
  pages={3800},
  year={2008}
}
@article{amaral2007pivotal,
  title={Pivotal bootstrap methods for k-sample problems in directional statistics and shape analysis},
  author={Amaral, GJ A and Dryden, IL and Wood, Andrew T A},
  journal={Journal of the American Statistical Association},
  volume={102},
  number={478},
  pages={695--707},
  year={2007},
  publisher={Taylor \& Francis}
}
@article{huckemann2010rejoinder,
  title={Rejoinder-Intrinsic shape analysis: Geodesic PCA for Riemannian manifolds modulo isometric Lie group actions},
  author={Huckemann, Stephan and Hotz, Thomas and Munk, Axel},
  year={2010}
}
@article{schulz_2012,
  title={Nonlinear Hypothesis Testing of Geometrical Object Properties of Shapes Applied to Hippocampi},
  author={Joern Schulz, and Pizer, {S.M.}, and Marron, {J.S.}, and Fred Godtliebsen},
  year={2012},
  url = {http://midag.cs.unc.edu/pubs/papers/schulz_hypothesis.pdf},
}